@inproceedings{lorensen1987marching,
  title={Marching cubes: A high resolution 3D surface construction algorithm},
  author={Lorensen, William E and Cline, Harvey E},
  booktitle={ACM siggraph computer graphics},
  volume={21},
  number={4},
  pages={163--169},
  year={1987},
  organization={ACM}
}

@MISC{mc02,
   author = "Marc Pollefeys",
   title = "Marching Cubes",
   url = "http://www.cs.unc.edu/~marc/tutorial/node130.html",
   year = 2002,
   note = "\url{http://www.cs.unc.edu/~marc/tutorial/node130.html}",
   lastvisited = "2016-09-23"}

@MISC{iomc,
   author = "Ben Anderson",
   title = "An Implementation of the Marching Cubes",
   url = "http://www.cs.carleton.edu/cs_comps/0405/shape/marching_cubes.html",
   note = "\url{http://www.cs.carleton.edu/cs_comps/0405/shape/marching_cubes.html}",
   lastvisited = "2018-10-04"} 
   
@MISC{iomt,
   author = "John Mecham",
   title = "Introduction to Multimaterial Terrain",
   url = "http://voxiworld.blogspot.com/",
   note = "\url{http://voxiworld.blogspot.com/}",
   lastvisited = "2018-10-04"} 
   
@MISC{tpm,
   author = "Martin Palko",
   title = "Triplanar Mapping",
   url = "http://www.martinpalko.com/triplanar-mapping/",
   note = "\url{http://www.martinpalko.com/triplanar-mapping/}",
   lastvisited = "2018-10-04"}
   
@MISC{nmfts,
   author = "Ben Golus",
   title = "Normal Mapping for a Triplanar Shader",
   url = "https://medium.com/@bgolus/normal-mapping-for-a-triplanar-shader-10bf39dca05a",
   note = "\url{https://medium.com/@bgolus/normal-mapping-for-a-triplanar-shader-10bf39dca05a}",
   lastvisited = "2018-10-04"}
   
@MISC{rvmm,
   author = "Matthias Mettenleiter",
   title = "Rendern von Voxeln mit mehreren Materialien",
   url = "https://github.com/MMDaemon/Voxel-Editor/blob/master/Thesis/Thesis.pdf",
   note = "\url{https://github.com/MMDaemon/Voxel-Editor/blob/master/Thesis/Thesis.pdf}",
   lastvisited = "2018-10-04"}
   
   @MISC{project,
   author = "Projekt",
   title = "Voxel-Editor",
   url = "https://github.com/MMDaemon/Voxel-Editor",
   note = "\url{https://github.com/MMDaemon/Voxel-Editor}",
   lastvisited = "2018-10-04"}